
@article{
  grossman14 
 ,author = {Grossman, AH and \textbf{Foss}, \textbf{AH} and D'Augelli, AR}
 ,year = {2014}
 ,title = {Puberty: Maturation, Timing and Adjustment, and Sexual Identity Developmental Milestones among Lesbian, Gay, and Bisexual Youth}
 ,journaltitle = {Journal of LGBT Youth}
 ,volume = {11}
 ,pages = {107-124}
}


@article{
  foss13
 ,author = {\textbf{Foss}, \textbf{AH} and Duffner, PK and Carter, RL}
 ,year = {2013}
 ,title = {Lifetime Risk Estimators in Epidemiological Studies of Krabbe Disease: Review and Monte Carlo Comparison}
 ,journaltitle = {Rare Diseases}
 ,volume = {1}
 ,number = {2}
 ,pages = {e25212}
}


@article{
  bar12
 ,author = {Barczykowski, AL and \textbf{Foss}, \textbf{AH} and Duffner, PK and Yan, L and Carter, RL}
 ,year = {2012}
 ,title = {Death Rates in the U.S. due to Krabbe Disease and Related Leukodystrophy and Lysosomal Storage Diseases}
 ,journaltitle = {American Journal of Medical Genetics Part A}
 ,volume = {158A}
 ,pages = {2835-2842}
}


@article{
  foss07
 ,author = {\textbf{Foss}, \textbf{AH} and Altschuler, EL and James, KH}
 ,year = {2007}
 ,title = {Neural Correlates of Pythagorean Ratio Rules}
 ,journaltitle = {Neuroreport}
 ,volume = {18}
 ,pages = {1521-1525}
}

@inproceedings{
  isbis14
 ,author = {\textbf{Foss}, \textbf{AH} and Heching, A and Ray, B and Markatou, M}
 ,title = {Clustering Mixed Data Subject to Measurement Error}
 ,organization = {\textit{International Society for Business and Industrial Statistics}, ASA Section on Statistical Learning and Data Mining}
 ,year = 2014
 ,address = {Durham, NC, USA}
}

@inproceedings{
  jsm13
 ,author = {\textbf{Foss}, \textbf{AH} and Duffner, P and Carter, R}
 ,title = {Lifetime Risk Estimators in Epidemiological Studies of Krabbe Disease: Review and Monte Carlo Comparison}
 ,organization = {\textit{Joint Statistical Meetings}}
 ,year = 2013
 ,address = {Montreal, Canada}
}

@inproceedings{
  vss10
 ,author = {Nu\~{n}ez-Elizalde, A and \textbf{Foss}, \textbf{AH} and Aguirre, G and Bishop, SJ}
 ,title = {Does he look scared to you? Effects of trait anxiety upon neural dissimilarity measures for ambiguous and pure emotional expressions}
 ,organization = {Vision Sciences Society}
 ,year = 2010
 ,address = {Naples, FL, USA}
}

@inproceedings{
  imfar10
 ,author = {Herrington, JK and Grupe, DW and Hunyadi, ET and Shin, CS and \textbf{Foss}, \textbf{AH} and Taylor, JM and Schultz, RT}
 ,title = {Fusiform gyrus and face processing: Intrasubject stability, hemispheric asymmetry, and effective connectivity}
 ,organization = {International Meeting for Autism Research}
 ,year = {2010}
 ,address = {Philadelphia, PA, USA}
}

@inproceedings{
  hbm06
 ,author = {\textbf{Foss}, \textbf{AH} and James, KH}
 ,title = {Music and language processing: Investigating the neural correlates of expertise}
 ,organization = {Human Brain Mapping}
 ,year = {2006}
 ,address = {Chicago, IL, USA}
}

@article{
  key
 ,author = {}
 ,year = {2014}
 ,title = {}
 ,journaltitle = {}
 ,volume = {}
 ,pages = {}
}

